@article{mcculloch1943logical,
  title={A logical calculus of the ideas immanent in nervous activity},
  author={McCulloch, Warren S and Pitts, Walter},
  journal={The bulletin of mathematical biophysics},
  volume={5},
  pages={115--133},
  year={1943},
  publisher={Springer}
}

@inproceedings{NEURIPS2018,
 author = {Zhang, Linfeng and Han, Jiequn and Wang, Han and Saidi, Wissam and Car, Roberto and E, Weinan},
 booktitle = {Advances in Neural Information Processing Systems},
 editor = {S. Bengio and H. Wallach and H. Larochelle and K. Grauman and N. Cesa-Bianchi and R. Garnett},
 pages = {},
 publisher = {Curran Associates, Inc.},
 title = {End-to-end Symmetry Preserving Inter-atomic Potential Energy Model for Finite and Extended Systems},
 volume = {31},
 year = {2018}
}


@article{kirkwood1949,
  title={The statistical mechanical theory of surface tension},
  author={Kirkwood, John G and Buff, Frank P},
  journal={The Journal of Chemical Physics},
  volume={17},
  number={3},
  pages={338--343},
  year={1949},
  publisher={AIP Publishing}
}

@article{wang2018deepmd,
  title={DeePMD-kit: A deep learning package for many-body potential energy representation and molecular dynamics},
  author={Wang, Han and Zhang, Linfeng and Han, Jiequn and Weinan, E},
  journal={Computer Physics Communications},
  volume={228},
  pages={178--184},
  year={2018},
  publisher={Elsevier}
}

@article{zeng2023deepmd,
  title={DeePMD-kit v2: A software package for deep potential models},
  author={Zeng, Jinzhe and Zhang, Duo and Lu, Denghui and Mo, Pinghui and Li, Zeyu and Chen, Yixiao and Rynik, Mari{\'a}n and Huang, Li’ang and Li, Ziyao and Shi, Shaochen and others},
  journal={The Journal of Chemical Physics},
  volume={159},
  number={5},
  year={2023},
  publisher={AIP Publishing}
}

@article{lu2021,
  title={86 PFLOPS deep potential molecular dynamics simulation of 100 million atoms with ab initio accuracy},
  author={Lu, Denghui and Wang, Han and Chen, Mohan and Lin, Lin and Car, Roberto and Weinan, E and Jia, Weile and Zhang, Linfeng},
  journal={Computer Physics Communications},
  volume={259},
  pages={107624},
  year={2021},
  publisher={Elsevier}
}

@article{zhang2018end,
  title={End-to-end symmetry preserving inter-atomic potential energy model for finite and extended systems},
  author={Zhang, Linfeng and Han, Jiequn and Wang, Han and Saidi, Wissam and Car, Roberto and others},
  journal={Advances in neural information processing systems},
  volume={31},
  year={2018}
}



@article{hamann2013optimized,
  title={Optimized norm-conserving Vanderbilt pseudopotentials},
  author={Hamann, DR},
  journal={Physical Review B—Condensed Matter and Materials Physics},
  volume={88},
  number={8},
  pages={085117},
  year={2013},
  publisher={APS}
}

@article{Furness2020,
author = {Furness, James W. and Kaplan, Aaron D. and Ning, Jinliang and Perdew, John P. and Sun, Jianwei},
title = {Accurate and Numerically Efficient r2SCAN Meta-Generalized Gradient Approximation},
journal = {The Journal of Physical Chemistry Letters},
volume = {11},
number = {19},
pages = {8208-8215},
year = {2020},
doi = {10.1021/acs.jpclett.0c02405},
note ={PMID: 32876454},
}

@article{sun2015strongly,
  title={Strongly constrained and appropriately normed semilocal density functional},
  author={Sun, Jianwei and Ruzsinszky, Adrienn and Perdew, John P},
  journal={Physical review letters},
  volume={115},
  number={3},
  pages={036402},
  year={2015},
  publisher={APS}
}

@article{chen2017ab,
  title={Ab initio theory and modeling of water},
  author={Chen, Mohan and Ko, Hsin-Yu and Remsing, Richard C and Calegari Andrade, Marcos F and Santra, Biswajit and Sun, Zhaoru and Selloni, Annabella and Car, Roberto and Klein, Michael L and Perdew, John P and others},
  journal={Proceedings of the National Academy of Sciences},
  volume={114},
  number={41},
  pages={10846--10851},
  year={2017},
  publisher={National Acad Sciences}
}

@article{QE-2017,
  author={P Giannozzi and O Andreussi and T Brumme and O Bunau and M Buongiorno Nardelli
  and M Calandra and R Car and C Cavazzoni and D Ceresoli and M Cococcioni and N Colonna
  and I Carnimeo and A Dal Corso and S de Gironcoli and P Delugas and R A DiStasio Jr and A Ferretti
  and A Floris and G Fratesi and G Fugallo and R Gebauer and U Gerstmann and F Giustino and T Gorni
  and J Jia and M Kawamura and H-Y Ko and A Kokalj and E Küçükbenli and M Lazzeri and M Marsili
  and N Marzari and F Mauri and N L Nguyen and H-V Nguyen and A Otero-de-la-Roza and L Paulatto
  and S Poncé and D Rocca and R Sabatini and B Santra and M Schlipf and A P Seitsonen
  and A Smogunov and I Timrov and T Thonhauser and P Umari and N Vast and X Wu and S Baroni},
  title={Advanced capabilities for materials modelling with QUANTUM ESPRESSO},
  journal={Journal of Physics: Condensed Matter},
  volume={29},
  number={46},
  pages={465901},
  year={2017},
}

@article{QE-2009,
	Author = {Paolo Giannozzi and Stefano Baroni and Nicola Bonini and Matteo Calandra and Roberto Car
 and Carlo Cavazzoni and Davide Ceresoli and Guido L Chiarotti and Matteo Cococcioni and Ismaila Dabo
 and Andrea {Dal Corso} and Stefano de Gironcoli and Stefano Fabris and Guido Fratesi and Ralph Gebauer
 and Uwe Gerstmann and Christos Gougoussis and Anton Kokalj and Michele Lazzeri and Layla Martin-Samos
 and Nicola Marzari and Francesco Mauri and Riccardo Mazzarello and Stefano Paolini and Alfredo Pasquarello
 and Lorenzo Paulatto and Carlo Sbraccia and Sandro Scandolo and Gabriele Sclauzero and Ari P Seitsonen
 and Alexander Smogunov and Paolo Umari and Renata M Wentzcovitch},
	Journal = {Journal of Physics: Condensed Matter},
	Number = {39},
	Pages = {395502 (19pp)},
	Title = {QUANTUM ESPRESSO: a modular and open-source software project for quantum simulations of materials},
	Volume = {21},
	Year = {2009}}


@article{QE-2020,
 author = {Giannozzi,Paolo  and Baseggio,Oscar  and Bonfà,Pietro  and Brunato,Davide  and Car,Roberto  and Carnimeo,Ivan  
           and Cavazzoni,Carlo  and de Gironcoli,Stefano  and Delugas,Pietro  and Ferrari Ruffino,Fabrizio  and Ferretti,Andrea  
           and Marzari,Nicola  and Timrov,Iurii  and Urru,Andrea  and Baroni,Stefano },
 title = {Quantum ESPRESSO toward the exascale},
 journal = {The Journal of Chemical Physics},
 volume = {152},
 number = {15},
 pages = {154105},
 year = {2020},
 doi = {10.1063/5.0005082},

}

@article{sanchez2023deep,
  title={A deep potential model for liquid--vapor equilibrium and cavitation rates of water},
  author={Sanchez-Burgos, Ignacio and Muniz, Maria Carolina and Espinosa, Jorge R and Panagiotopoulos, Athanassios Z},
  journal={The Journal of Chemical Physics},
  volume={158},
  number={18},
  year={2023},
  publisher={AIP Publishing}
}

@Article{LAMMPS,
  author = "A. P. Thompson and H. M. Aktulga and R. Berger and 
     D. S. Bolintineanu and W. M. Brown and P. S. Crozier and
     P. J. in 't Veld and A. Kohlmeyer and S. G. Moore and T. D. Nguyen and
     R. Shan and M. J. Stevens and J. Tranchida and C. Trott and S. J. Plimpton",
  title = "{LAMMPS} - a flexible simulation tool for
     particle-based materials modeling at the 
     atomic, meso, and continuum scales",
  journal = "Comp. Phys. Comm.",
  volume =  "271",
  pages =   "108171",
  year =    "2022",
  doi = "10.1016/j.cpc.2021.108171"
} 

@Article{Brown11,
 author = {W. M. Brown and P. Wang and S. J. Plimpton and A. N. Tharrington},
 title = {Implementing Molecular Dynamics on Hybrid High Performance Computers---Short Range Forces},
 journal = {Comput.\ Phys.\ Commun.},
 year =    2011,
 volume =  182,
 pages =   {898--911},
 doi =     {10.1016/j.cpc.2010.12.021}
}

@Article{Brown12,
 author = {W. M. Brown and A. Kohlmeyer and S. J. Plimpton and A. N. Tharrington},
 title = {Implementing Molecular Dynamics on Hybrid High Performance Computers - Particle-Particle Particle-Mesh},
 journal = {Comput.\ Phys.\ Commun.},
 year =    2012,
 volume =  183,
 doi =     {10.1016/j.cpc.2011.10.012},
 pages =   {449--459}
}

@Article{Brown13,
 author = {W. M. Brown and Y. Masako},
 title = {Implementing Molecular Dynamics on Hybrid High Performance Computers---Three-Body Potentials},
 journal = {Comput.\ Phys.\ Commun.},
 year =    2013,
 volume =  184,
 pages =   {2785--2793},
 doi =     {10.1016/j.cpc.2013.08.002},
}

@Article{Trung15,
 author = {T. D. Nguyen and S. J. Plimpton},
 title = {Accelerating Dissipative Particle Dynamics Simulations for Soft Matter Systems},
 journal = {Comput.\ Mater.\ Sci.},
 year =    2015,
 doi =     {10.1016/j.commatsci.2014.10.068},
 volume =  100,
 pages =   {173--180}
}

@Article{Trung17,
 author = {T. D. Nguyen},
 title = {{GPU}-Accelerated {T}ersoff Potentials for Massively Parallel
    Molecular Dynamics Simulations},
 journal = {Comput.\ Phys.\ Commun.},
 year =    2017,
 doi =     {10.1016/j.cpc.2016.10.020},
 volume =  212,
 pages =   {113--122}
}

@inproceedings{Nikolskiy19,
 author = {V. Nikolskiy and V. Stegailov},
 title = {{GPU} Acceleration of Four-Site Water Models in {LAMMPS}},
 booktitle = {Proceedings of the International Conference on Parallel
    Computing (ParCo 2019), Prague, Czech Republic},
 doi =     {10.3233/APC200086},
 year =    2019
}


@article{brown2018second,
  title={Second law of quantum complexity},
  author={Brown, Adam R and Susskind, Leonard},
  journal={Physical Review D},
  volume={97},
  number={8},
  pages={086015},
  year={2018},
  publisher={APS}
}

@article{haferkamp2022linear,
  title={Linear growth of quantum circuit complexity},
  author={Haferkamp, Jonas and Faist, Philippe and Kothakonda, Naga BT and Eisert, Jens and Yunger Halpern, Nicole},
  journal={Nature Physics},
  volume={18},
  number={5},
  pages={528--532},
  year={2022},
  publisher={Nature Publishing Group}
}

@article{brown2017quantum,
  title={Quantum complexity and negative curvature},
  author={Brown, Adam R and Susskind, Leonard and Zhao, Ying},
  journal={Physical Review D},
  volume={95},
  number={4},
  pages={045010},
  year={2017},
  publisher={APS}
}

@article{coecke2016mathematical,
  title={A mathematical theory of resources},
  author={Coecke, Bob and Fritz, Tobias and Spekkens, Robert W},
  journal={Information and Computation},
  volume={250},
  pages={59--86},
  year={2016},
  publisher={Elsevier}
}

@article{chitambar2019quantum,
  title={Quantum resource theories},
  author={Chitambar, Eric and Gour, Gilad},
  journal={Reviews of modern physics},
  volume={91},
  number={2},
  pages={025001},
  year={2019},
  publisher={APS}
}

@article{halpern2021resource,
  title={Resource theory of quantum uncomplexity},
  author={Halpern, Nicole Yunger and Kothakonda, Naga BT and Haferkamp, Jonas and Munson, Anthony and Eisert, Jens and Faist, Philippe},
  journal={arXiv preprint arXiv:2110.11371},
  year={2021}
}

@article{wang2012one,
  title={One-shot classical-quantum capacity and hypothesis testing},
  author={Wang, Ligong and Renner, Renato},
  journal={Physical Review Letters},
  volume={108},
  number={20},
  pages={200501},
  year={2012},
  publisher={APS}
}

@article{datta2013smooth,
  title={A smooth entropy approach to quantum hypothesis testing and the classical capacity of quantum channels},
  author={Datta, Nilanjana and Mosonyi, Milan and Hsieh, Min-Hsiu and Brandao, Fernando GSL},
  journal={IEEE transactions on information theory},
  volume={59},
  number={12},
  pages={8014--8026},
  year={2013},
  publisher={IEEE}
}